@article{PhysRevLett.75.3537,
  title = {Thermodynamic Limit of Density Matrix Renormalization},
  author = {\"Ostlund, Stellan and Rommer, Stefan},
  journal = {Phys. Rev. Lett.},
  volume = {75},
  issue = {19},
  pages = {3537--3540},
  numpages = {0},
  year = {1995},
  month = {Nov},
  publisher = {American Physical Society},
  doi = {10.1103/PhysRevLett.75.3537},
  url = {https://link.aps.org/doi/10.1103/PhysRevLett.75.3537}
}

@article{dmrg,
  title = {Density matrix formulation for quantum renormalization groups},
  author = {White, Steven R.},
  journal = {Phys. Rev. Lett.},
  volume = {69},
  issue = {19},
  pages = {2863--2866},
  numpages = {0},
  year = {1992},
  month = {Nov},
  publisher = {American Physical Society},
  doi = {10.1103/PhysRevLett.69.2863},
  url = {https://link.aps.org/doi/10.1103/PhysRevLett.69.2863}
}

@article{dttals1,
author = {Holtz, S. and Rohwedder, T. and Schneider, R.},
title = {The Alternating Linear Scheme for Tensor Optimization in the Tensor Train Format},
journal = {SIAM Journal on Scientific Computing},
volume = {34},
number = {2},
pages = {A683-A713},
year = {2012},
doi = {10.1137/100818893},

URL = { 
        https://doi.org/10.1137/100818893
    
},
eprint = { 
        https://doi.org/10.1137/100818893
    
}

}


@article{ttcross,
author = {Oseledets, Ivan and Tyrtyshnikov, E},
year = {2010},
month = {01},
pages = {70-88},
title = {TT-cross approximation for multidimensional arrays},
volume = {432},
booktitle = {Linear Algebra and its Applications}
}

@article{ttals,
author = {Grasedyck, L. and Kluge, M. and Krämer, S.},
title = {Variants of Alternating Least Squares Tensor Completion in the Tensor Train Format},
journal = {SIAM Journal on Scientific Computing},
volume = {37},
number = {5},
pages = {A2424-A2450},
year = {2015},
doi = {10.1137/130942401},
}

@article{cichocki2,
  author    = {Andrzej Cichocki and
               Anh Huy Phan and
               Qibin Zhao and
               Namgil Lee and
               Ivan V. Oseledets and
               M. Sugiyama and
               Danilo P. Mandic},
  title     = {Tensor Networks for Dimensionality Reduction and Large-Scale Optimizations.
               Part 2 Applications and Future Perspectives},
  journal   = {CoRR},
  volume    = {abs/1708.09165},
  year      = {2017},
  url       = {http://arxiv.org/abs/1708.09165},
  archivePrefix = {arXiv},
  eprint    = {1708.09165},
  timestamp = {Mon, 13 Aug 2018 16:46:25 +0200},
  biburl    = {https://dblp.org/rec/bib/journals/corr/abs-1708-09165},
  bibsource = {dblp computer science bibliography, https://dblp.org}
}

@article{Phan2016TensorNF,
  title={Tensor Networks for Latent Variable Analysis. Part I: Algorithms for Tensor Train Decomposition},
  author={Anh Huy Phan and Andrzej Cichocki and Andr{\'e} Uschmajew and Petr Tichavsk{\'y} and Gheorghe Luta and Danilo P. Mandic},
  journal={CoRR},
  year={2016},
  volume={abs/1609.09230}
}

@InProceedings{shadentucker,
author="Smith, Shaden
and Karypis, George",
editor="Rivera, Francisco F.
and Pena, Tom{\'a}s F.
and Cabaleiro, Jos{\'e} C.",
title="Accelerating the Tucker Decomposition with Compressed Sparse Tensors",
booktitle="Euro-Par 2017: Parallel Processing",
year="2017",
publisher="Springer International Publishing",
address="Cham",
pages="653--668",
isbn="978-3-319-64203-1"
}

@unknown{kaya1,
author = {Kaya, Oguz and Uçar, Bora},
year = {2016},
month = {08},
pages = {103-112},
title = {High Performance Parallel Algorithms for the Tucker Decomposition of Sparse Tensors}
}

@INPROCEEDINGS{jiajia2,
author = {J. Li and J. Choi and I. Perros and J. Sun and R. Vuduc},
booktitle = {2017 IEEE International Parallel and Distributed Processing Symposium (IPDPS)},
title = {Model-Driven Sparse CP Decomposition for Higher-Order Tensors},
year = {2017},
volume = {00},
number = {},
pages = {1048-1057},
keywords={Tensile stress;Sparse matrices;Predictive models;Indexes;Computational modeling;Data mining;Matrix decomposition},
doi = {10.1109/IPDPS.2017.80},
url = {doi.ieeecomputersociety.org/10.1109/IPDPS.2017.80},
ISSN = {1530-2075},
month={May}
}


@article{tropp2,
  author    = {Joel A. Tropp and
               Alp Yurtsever and
               Madeleine Udell and
               Volkan Cevher},
  title     = {Practical Sketching Algorithms for Low-Rank Matrix Approximation},
  journal   = {{SIAM} J. Matrix Analysis Applications},
  volume    = {38},
  number    = {4},
  pages     = {1454--1485},
  year      = {2017},
  url       = {https://doi.org/10.1137/17M1111590},
  doi       = {10.1137/17M1111590},
  timestamp = {Tue, 13 Mar 2018 14:49:20 +0100},
  biburl    = {https://dblp.org/rec/bib/journals/siammax/TroppYUC17},
  bibsource = {dblp computer science bibliography, https://dblp.org}
}

@article{chemometrics,
author = {K. Smilde, A and Bro, Rasmus and Geladi, P},
year = {2004},
month = {01},
pages = {},
title = {Multi Way Analysis — Applications in Chemical Sciences}
}

@inproceedings{rubik,
 author = {Wang, Yichen and Chen, Robert and Ghosh, Joydeep and Denny, Joshua C. and Kho, Abel and Chen, You and Malin, Bradley A. and Sun, Jimeng},
 title = {Rubik: Knowledge Guided Tensor Factorization and Completion for Health Data Analytics},
 booktitle = {Proceedings of the 21th ACM SIGKDD International Conference on Knowledge Discovery and Data Mining},
 series = {KDD '15},
 year = {2015},
 isbn = {978-1-4503-3664-2},
 location = {Sydney, NSW, Australia},
 pages = {1265--1274},
 numpages = {10},
 url = {http://doi.acm.org/10.1145/2783258.2783395},
 doi = {10.1145/2783258.2783395},
 acmid = {2783395},
 publisher = {ACM},
 address = {New York, NY, USA},
 keywords = {computational phenotyping, constraint optimization, healthcare analytics, tensor analysis},
} 


@INPROCEEDINGS{ttcontrol, 
    AUTHOR    = {Alex Gorodetsky AND Sertac Karaman AND Youssef Marzouk}, 
    TITLE     = {Efficient High-Dimensional Stochastic Optimal Motion Control using Tensor-Train Decomposition}, 
    BOOKTITLE = {Proceedings of Robotics: Science and Systems}, 
    YEAR      = {2015}, 
    ADDRESS   = {Rome, Italy}, 
    MONTH     = {July},
    DOI       = {10.15607/RSS.2015.XI.015} 
} 
  

@incollection{supervisedtt,
title = {Supervised Learning with Tensor Networks},
author = {Stoudenmire, Edwin and Schwab, David J},
booktitle = {Advances in Neural Information Processing Systems 29},
editor = {D. D. Lee and M. Sugiyama and U. V. Luxburg and I. Guyon and R. Garnett},
pages = {4799--4807},
year = {2016},
publisher = {Curran Associates, Inc.},
url = {http://papers.nips.cc/paper/6211-supervised-learning-with-tensor-networks.pdf}
}


@incollection{ttnn,
title = {Tensorizing Neural Networks},
author = {Novikov, Alexander and Podoprikhin, Dmitrii and Osokin, Anton and Vetrov, Dmitry P},
booktitle = {Advances in Neural Information Processing Systems 28},
editor = {C. Cortes and N. D. Lawrence and D. D. Lee and M. Sugiyama and R. Garnett},
pages = {442--450},
year = {2015},
publisher = {Curran Associates, Inc.},
url = {http://papers.nips.cc/paper/5787-tensorizing-neural-networks.pdf}
}

@article{ttrnn,
  author    = {Rose Yu and
               Stephan Zheng and
               Anima Anandkumar and
               Yisong Yue},
  title     = {Long-term Forecasting using Tensor-Train RNNs},
  journal   = {CoRR},
  volume    = {abs/1711.00073},
  year      = {2017},
  url       = {http://arxiv.org/abs/1711.00073},
  archivePrefix = {arXiv},
  eprint    = {1711.00073},
  timestamp = {Mon, 13 Aug 2018 16:46:08 +0200},
  biburl    = {https://dblp.org/rec/bib/journals/corr/abs-1711-00073},
  bibsource = {dblp computer science bibliography, https://dblp.org}
}

@inproceedings{koby,
 author = {Hayashi, Koby and Ballard, Grey and Jiang, Yujie and Tobia, Michael J.},
 title = {Shared-memory Parallelization of MTTKRP for Dense Tensors},
 booktitle = {Proceedings of the 23rd ACM SIGPLAN Symposium on Principles and Practice of Parallel Programming},
 series = {PPoPP '18},
 year = {2018},
 isbn = {978-1-4503-4982-6},
 location = {Vienna, Austria},
 pages = {393--394},
 numpages = {2},
 url = {http://doi.acm.org/10.1145/3178487.3178522},
 doi = {10.1145/3178487.3178522},
 acmid = {3178522},
 publisher = {ACM},
 address = {New York, NY, USA},
} 
[download]

@article{caseyb,
author = {Battaglino, Casey and Ballard, Grey and G. Kolda, Tamara},
year = {2017},
month = {01},
pages = {},
title = {A Practical Randomized CP Tensor Decomposition},
volume = {39},
journal = {SIAM Journal on Matrix Analysis and Applications}
}

@article{tensortrain,
author = {Oseledets, I.},
title = {Tensor-Train Decomposition},
journal = {SIAM Journal on Scientific Computing},
volume = {33},
number = {5},
pages = {2295-2317},
year = {2011},
doi = {10.1137/090752286},

URL = { 
        https://doi.org/10.1137/090752286
    
},
eprint = { 
        https://doi.org/10.1137/090752286
    
}

}
% Encoding: ISO-8859-1
@INPROCEEDINGS{jee1, 
author={V. T. Chakaravarthy and J. W. Choi and D. J. Joseph and X. Liu and P. Murali and Y. Sabharwal and D. Sreedhar}, 
booktitle={2017 IEEE International Parallel and Distributed Processing Symposium (IPDPS)}, 
title={On Optimizing Distributed Tucker Decomposition for Dense Tensors}, 
year={2017}, 
volume={}, 
number={}, 
pages={1038--1047}, 
keywords={computational complexity;iterative methods;tensors;HOOI procedure;communication volume reduction;computational load reduction;core tensor;dense tensors;distributed Tucker decomposition optimization;factor matrices;higher order orthogonal iterator procedure;tensor-times-matrix product;Benchmark testing;Data compression;Heuristic algorithms;Matrix decomposition;Measurement;Program processors;Tensile stress;HOOI;HOSVD;Tensor compression}, 
url={https://doi.org/10.1109/IPDPS.2017.86}, 
ISSN={}, 
month={May},}

@article{hyperspectral,
  TITLE = {{Compression of hyperspectral images using discerete wavelet transform and tucker decomposition}},
  AUTHOR = {Karami Robati, Azam and Yasdi, M. and Mercier, Gr{\'e}goire},
  JOURNAL = {{IEEE Journal of Selected Topics in Applied Earth Observations and Remote Sensing}},
  PUBLISHER = {{IEEE}},
  VOLUME = {5},
  NUMBER = {2},
  PAGES = {444--450},
  YEAR = {2012},
  MONTH = Apr,
  url={https://doi.org/10.1109/JSTARS.2012.2189200},
}

@article{fastmm,
author = {Drineas, Petros and Kannan, Ravi and Mahoney, Michael W.},
title = {Fast Monte Carlo Algorithms for Matrices I: Approximating Matrix Multiplication},
journal = {SIAM Journal on Computing},
volume = {36},
number = {1},
pages = {132--157},
year = {2006},
url = {https://doi.org/10.1137/S0097539704442684},
}

@misc{tuckermpi,
  author = {Klinvex, Alicia and Ballard, Grey and Kolda, Tamara and Austin, Woody and Kolla, Hemanth},
  title = {{TuckerMPI}},
  year = {2018},
  publisher = {GitLab},
  journal = {GitLab repository},
  howpublished = {\url{https://gitlab.com/tensors/TuckerMPI}},
  commit = {ff3accd6de23b5a270cca47654380b3f54bfb19f}
}

@techreport{dimtree,
  TITLE = {{Computing Dense Tensor Decompositions with Optimal Dimension Trees}},
  AUTHOR = {Kaya, Oguz and Robert, Yves and U{\c c}ar, Bora},
  TYPE = {Research Report},
  NUMBER = {RR-9080},
  INSTITUTION = {{Inria}},
  YEAR = {2017},
  MONTH = Jul,
  KEYWORDS = {dimension trees ; tensor decomposition ; CP decomposition ; Tucker decomposition ; arbres de dimension ; d{\'e}composition Tucker ; d{\'e}composition de tenseurs ; d{\'e}composition CP},
  URL = {https://hal.inria.fr/hal-01562399}
}

@INPROCEEDINGS{kronproj, 
author={X. Zhang and F. X. Yu and R. Guo and S. Kumar and S. Wang and S. F. Chang}, 
booktitle={2015 IEEE International Conference on Computer Vision (ICCV)}, 
title={Fast Orthogonal Projection Based on Kronecker Product}, 
year={2015}, 
volume={}, 
number={}, 
pages={2929--2937}, 
keywords={computational complexity;computer vision;image retrieval;learning (artificial intelligence);matrix multiplication;ANN image search problem;Kronecker product;O(d log d) computational complexity;O(log d) space complexity;approximate nearest neighbor image search problem;binary embedding;computer vision applications;d-dimensional data;fast orthogonal projection;high-dimensional data;quantization;structured matrices;Binary codes;Computational complexity;Error correction;Error correction codes;Matrix converters;Quantization (signal);Sparse matrices}, 
url={https://doi.org/10.1109/ICCV.2015.335}, 
ISSN={}, 
month={Dec},
}

@inproceedings{leanwalsh,
  Author = {Liberty, Edo and Ailon, Nir and Singer, Amit},
  Booktitle = {Approximation, Randomization and Combinatorial Optimization. Algorithms and Techniques},
  Isbn = {978-3-540-85363-3},
  Pages = {512--522},
  Publisher = {Springer Berlin Heidelberg},
  Title = {Dense Fast Random Projections and Lean Walsh Transforms},
  url={https://doi.org/10.1007/978-3-540-85363-3_40},
  year="2008",
}

@Misc{multiplesketches,
  author       = {{Chen}, T.-L. and {Chang}, D.~D. and {Huang}, S.-Y. and {Chen}, H. and {Lin}, C. and {Wang}, W.},
  title        = {{Integrating multiple random sketches for singular value decomposition}},
  year         = {2016},
  url          = {http://arxiv.org/abs/1608.08285},
  howpublished = {arXiV:1608.08285},
}



@article{tropppractical,
author = {Joel A. Tropp and Alp Yurtsever and Madeleine Udell and Volkan Cevher},
title = {Practical Sketching Algorithms for Low-Rank Matrix Approximation},
journal = {SIAM Journal on Matrix Analysis and Applications},
volume = {38},
number = {4},
pages = {1454--1485},
year = {2017},
url = {https://doi.org/10.1137/17M1111590},
}

@article{matousek,
  added-at = {2011-11-05T01:40:30.000+0100},
  author = {Matousek, Jir\'{\i}},
  bibsource = {DBLP, http://dblp.uni-trier.de},
  url = {http://dx.doi.org/10.1002/rsa.20218},
  interhash = {0935ae6c85fc0d50965bad41f603b184},
  intrahash = {1ca783f6f8d1368928feeab591d4fd49},
  journal = {Random Structures \& Algorithms},
  keywords = {johnson-lindenstrauss random_projection},
  number = 2,
  pages = {142--156},
  timestamp = {2012-02-17T02:48:34.000+0100},
  title = {On variants of the Johnson-Lindenstrauss lemma},
  volume = 33,
  year = 2008
}


@article{sthosvd,
  author = {Nick Vannieuwenhoven and Raf Vandebril and Karl Meerbergen},
  title = {A New Truncation Strategy for the Higher-Order Singular Value Decomposition},
  journal = {SIAM Journal on Scientific Computing},
  volume = {34},
  number = {2},
  pages = {A1027--A1052},
  year = {2012},
  url = {https://doi.org/10.1137/110836067},
}

@misc{Chakravarthy17,
  author = "Venkat Chakravarthy",
  year = "2017",
  note = "Personal communication"
}

@article{jicf,
title = "Structure of Hydrogen-rich Transverse Jets in a Vitiated Turbulent Flow",
journal = "Combustion and Flame",
volume = "162",
number = "4",
pages = "1234--1248",
year = "2015",
url = "https://doi.org/10.1016/j.combustflame.2014.10.014",
author = "Sgouria Lyra and Benjamin Wilde and Hemanth Kolla and Jerry M. Seitzman and Timothy C. Lieuwen and Jacqueline H. Chen",
}

@Inbook{Navasca2015,
author="Navasca, Carmeliza and Pompey, Deonnia N.",
title="Random Projections for Low Multilinear Rank Tensors",
bookTitle="Visualization and Processing of Higher Order Descriptors for Multi-Valued Data",
year="2015",
publisher="Springer International Publishing",
pages="93--106",
isbn="978-3-319-15090-1",
url="https://doi.org/10.1007/978-3-319-15090-1_5",
}

@article{sp,
author = {Hemanth Kolla and Xin-Yu Zhao and Jacqueline H. Chen and N. Swaminathan},
title = {Velocity and Reactive Scalar Dissipation Spectra in Turbulent Premixed Flames},
journal = {Combustion Science and Technology},
volume = {188},
number = {9},
pages = {1424--1439},
year  = {2016},
publisher = {Taylor \& Francis},
url = {https://doi.org/10.1080/00102202.2016.1197211},
}

@article{tjlr,
title = "Numerical and Experimental Investigation of Turbulent {DME} Jet Flames",
journal = "Proceedings of the Combustion Institute",
volume = "35",
number = "2",
pages = "1157--1166",
year = "2015",
url = "https://doi.org/10.1016/j.proci.2014.05.147",
author = "Ankit Bhagatwala and Zhaoyu Luo and Han Shen and Jeffrey A. Sutton and Tianfeng Lu and Jacqueline H. Chen",
}

@article{hcci,
title = "Direct Numerical Simulations of {HCCI/SACI} with Ethanol",
journal = "Combustion and Flame",
volume = "161",
number = "7",
pages = "1826--1841",
year = "2014",
issn = "0010-2180",
url = "https://doi.org/10.1016/j.combustflame.2013.12.027",
author = "Ankit Bhagatwala and Jacqueline H. Chen and Tianfeng Lu",
keywords = "HCCI",
keywords = "SACI",
keywords = "Thermal stratification",
keywords = "Mixture stratification",
keywords = "Premixed flame",
keywords = "Autoignition"
}

@ARTICLE{Lathauwer00amultilinear,
  author = {Lieven {De Lathauwer} and Bart {De Moor} and Joos Vandewalle},
  title = {A Multilinear Singular Value Decomposition},
  journal = {SIAM J. Matrix Anal. Appl},
  year = {2000},
  volume = {21},
  pages = {1253--1278},
  url={https://doi.org/10.1137/S0895479896305696},
}

@Article{Tu66,
  title                    = {Some mathematical notes on three-mode factor analysis},
  author                   = {Ledyard R. Tucker},
  url                      = {https://doi.org/10.1007/BF02289464},
  journal                  = {Psychometrika},
  volume                   = {31},
  year                     = {1966},
  pages                    = {279--311},
}


@ARTICLE{Kolda:2009,
    author = {Tamara G. Kolda and Brett W. Bader},
    title = {Tensor Decompositions and Applications},
    journal = {SIAM Review},
    year = {2009},
    volume = {51},
    number = {3},
    pages = {455--500},
    url = {https://doi.org/10.1137/07070111X}
}

@INPROCEEDINGS{DBLP:conf/acssc/VervlietDL16, 
author={N. Vervliet and O. Debals and L. De Lathauwer}, 
booktitle={2016 50th Asilomar Conference on Signals, Systems and Computers}, 
title={Tensorlab 3.0: Numerical optimization strategies for large-scale constrained and coupled matrix/tensor factorization}, 
year={2016}, 
volume={}, 
number={}, 
pages={1733--1738}, 
url={https://doi.org/10.1109/ACSSC.2016.7869679}, 
ISSN={}, 
month={Nov},}

@article{halko,
 author = {Halko, N. and Martinsson, P. G. and Tropp, J. A.},
 title = {Finding Structure with Randomness: Probabilistic Algorithms for Constructing Approximate Matrix Decompositions},
 journal = {SIAM Rev.},
 issue_date = {May 2011},
 volume = {53},
 number = {2},
 month = may,
 year = {2011},
 issn = {0036-1445},
 pages = {217--288},
 numpages = {72},
 url = {https://doi.org/10.1137/090771806},
 acmid = {2078881},
 publisher = {Society for Industrial and Applied Mathematics},
 address = {Philadelphia, PA, USA},
 keywords = {Johnson-Lindenstrauss lemma, dimension reduction, eigenvalue decomposition, interpolative decomposition, matrix approximation, parallel algorithm, pass-efficient algorithm, principal component analysis, random matrix, randomized algorithm, rank-revealing QR factorization, singular value decomposition, streaming algorithm},
} 

@inproceedings{AuBaKo16,  
  author = {Woody Austin and Grey Ballard and Tamara G. Kolda}, 
  title = {Parallel Tensor Compression for Large-Scale Scientific Data}, 
  booktitle = {IPDPS'16: Proceedings of the 30th IEEE International Parallel and Distributed Processing Symposium},
  venue = {Chicago, IL},
  eventdate = {2016-05-23/2016-05-27}, 
  pages = {912--922}, 
  month = {May}, 
  year = {2016},
  url = {https://doi.org/10.1109/IPDPS.2016.67},
}

@article{rudelson2013,
author = "Rudelson, Mark and Vershynin, Roman",
url = "https://doi.org/10.1214/ECP.v18-2865",
fjournal = "Electronic Communications in Probability",
journal = "Electron. Commun. Probab.",
pages = "9 pp.",
pno = "82",
publisher = "The Institute of Mathematical Statistics and the Bernoulli Society",
title = "Hanson-Wright inequality and sub-gaussian concentration",
volume = "18",
year = "2013"
}


@Inbook{navasca,
author="Navasca, Carmeliza
and Pompey, Deonnia N.",
editor="Hotz, Ingrid
and Schultz, Thomas",
title="Random Projections for Low Multilinear Rank Tensors",
bookTitle="Visualization and Processing of Higher Order Descriptors for Multi-Valued Data",
year="2015",
publisher="Springer International Publishing",
pages="93--106",
url="https://doi.org/10.1007/978-3-319-15090-1\_5",
}



@article{WOOLFE2008335,
title = "A fast randomized algorithm for the approximation of matrices",
journal = "Applied and Computational Harmonic Analysis",
volume = "25",
number = "3",
pages = "335--366",
year = "2008",
issn = "1063-5203",
url = "https://doi.org/10.1016/j.acha.2007.12.002",
author = "Franco Woolfe and Edo Liberty and Vladimir Rokhlin and Mark Tygert",
keywords = "Fast, Randomized, Algorithm, Low rank, Matrix, SVD, QR, Lanczos"
}

@article{wielandt,
 ISSN = {00029939, 10886826},
 author = {Helmut Wielandt},
 journal = {Proceedings of the American Mathematical Society},
 number = {1},
 pages = {106--110},
 publisher = {American Mathematical Society},
 title = {An Extremum Property of Sums of Eigenvalues},
 volume = {6},
 year = {1955}
}



@book{lidskii,
  title={The Proper Values of the Sum and Product of Symmetric Matrices},
  author={Lidskii, V.B. and Benster, C.D. and Forsythe, G.E.},
  series={NBS report},
  year={1953},
  publisher={[United States] Office of Naval Research}
}


@article{weyl,
author = {Weyl, H.},
journal = {Mathematische Annalen},
pages = {441--479},
title = {Das asymptotische Verteilungsgesetz der Eigenwerte linearer partieller Differentialgleichungen (mit einer Anwendung auf die Theorie der Hohlraumstrahlung)},
volume = {71},
year = {1912},
}

@article{mirsky,
  added-at = {2011-09-09T21:41:35.000+0200},
  author = {Mirsky, L.},
  url = {https://doi.org/10.1093/qmath/11.1.50},
  interhash = {27ecf65d3945755d33bda13baddfddda},
  intrahash = {ad11c182528c8d83bd2d0d35cf71610b},
  journal = {QJ Math., Oxf. II. Ser.},
  keywords = {matrix norm},
  pages = {50--59},
  timestamp = {2011-09-09T21:41:35.000+0200},
  title = {Symmetric gauge functions and unitarily invariant norms},
  volume = 11,
  year = 1960
}

@Article{lidskiimult,
author="Li, Chi-Kwong
and Mathias, Roy",
title="The Lidskii-Mirsky-Wielandt theorem -- additive and multiplicative versions ",
journal="Numerische Mathematik",
year="1999",
month="Jan",
day="01",
volume="81",
number="3",
pages="377--413",
abstract="We use a simple matrix splitting technique to give an elementary new proof of the Lidskii-Mirsky-Wielandt Theorem and to obtain a multiplicative analog of the Lidskii-Mirsky-Wielandt Theorem, which we argue is the fundamental bound in the study of relative perturbation theory for eigenvalues of Hermitian matrices and singular values of general matrices. We apply our bound to obtain numerous bounds on the matching distance between the eigenvalues and singular values of matrices. Our results strengthen and generalize those in the literature.",
issn="0945-3245",
url="https://doi.org/10.1007/s002110050397",
}




@book{matrixmath,
  abstract = {When first published in 2005, Matrix Mathematics quickly became the essential reference book for users of matrices in all branches of engineering, science, and applied mathematics. In this fully updated and expanded edition, the author brings together the latest results on matrix theory to make this the most complete, current, and easy-to-use book on matrices. Each chapter describes relevant background theory followed by specialized results. Hundreds of identities, inequalities, and matrix facts are stated clearly and rigorously with cross references, citations to the literature, and illuminat.},
  added-at = {2016-05-29T13:29:00.000+0200},
  author = {Bernstein, Dennis S.},
  edition = {Second},
  interhash = {40f9ac37383b545783ee8898f55dbabb},
  intrahash = {251cba7a07236f0097c0d497f0cad619},
  isbn = {9781400833344 1400833345 1283256010 9781283256018},
  keywords = {eigenvalues handbook laplacian linear.algebra matrix textbook},
  publisher = {Princeton University Press},
  refid = {781453958},
  timestamp = {2017-02-12T15:42:26.000+0100},
  title = {Matrix Mathematics: Theory, Facts, and Formulas},
  year = 2011
}



@article{marchenko,
  author={V A Marčenko and L A Pastur},
  title={DISTRIBUTION OF EIGENVALUES FOR SOME SETS OF RANDOM MATRICES},
  journal={Mathematics of the USSR-Sbornik},
  volume={1},
  number={4},
  pages={457},
  year={1967},
  abstract={}
}
  

@article{szarek,
title = "Condition numbers of random matrices",
journal = "Journal of Complexity",
volume = "7",
number = "2",
pages = "131--149",
year = "1991",
issn = "0885-064X",
url = "https://doi.org/10.1016/0885-064X(91)90002-F",
author = "Stanislaw J Szarek"
}

@article{candestao,
 author = {Candes, E. J. and Tao, T.},
 title = {Near-Optimal Signal Recovery From Random Projections: Universal Encoding Strategies?},
 journal = {IEEE Trans. Inf. Theor.},
 issue_date = {December 2006},
 volume = {52},
 number = {12},
 month = dec,
 year = {2006},
 issn = {0018-9448},
 pages = {5406--5425},
 numpages = {20},
 url = {https://doi.org/10.1109/TIT.2006.885507},
 acmid = {2272610},
 publisher = {IEEE Press},
 address = {Piscataway, NJ, USA},
 keywords = {Concentration of measure, convex optimization, duality in optimization, linear programming, random matrices, random projections, signal recovery, singular values of random matrices, sparsity, trigonometric expansions, uncertainty principle},
} 

@Book{golub,
  Title                    = {Matrix Computations},
  Author                   = {Gene H. Golub and Charles F. van Loan},
  Publisher                = {The Johns Hopkins University Press},
  Year                     = {1989},
  Number                   = {3},
  Series                   = {Johns Hopkins Series in the Mathematical Sciences},
}

@Article{VC+15,
  author  = {M. A. Veganzones and J. E. Cohen and R. Cabral Farias and J. Chanussot and P. Comon},
  title   = {Nonnegative Tensor CP Decomposition of Hyperspectral Data},
  journal = {IEEE Transactions on Geoscience and Remote Sensing},
  year    = {2015},
  volume  = {54},
  number  = {5},
  pages   = {2577--2588},
  month   = {May},
  url     = {https://doi.org/10.1109/TGRS.2015.2503737},
  file    = {VC+15.pdf:VC+15.pdf:PDF},
  issn    = {0196-2892},
}

@inproceedings{VT02,
 author = {Vasilescu, M. A. O. and Terzopoulos, Demetri},
 title = {Multilinear Analysis of Image Ensembles: TensorFaces},
 booktitle = {Proceedings of the 7th European Conference on Computer Vision-Part I},
 series = {ECCV '02},
 year = {2002},
 isbn = {3-540-43745-2},
 pages = {447--460},
 numpages = {14},
 acmid = {649173},
 publisher = {Springer-Verlag},
 address = {London, UK, UK},
 url = {https://doi.org/10.1007/3-540-47969-4_30},
} 

@Article{BP15,
author="Ballester-Ripoll, Rafael
and Pajarola, Renato",
title="Lossy volume compression using Tucker truncation and thresholding",
journal="The Visual Computer",
year="2016",
month="Nov",
day="01",
volume="32",
number="11",
pages="1433--1446",
issn="1432-2315",
url="https://doi.org/10.1007/s00371-015-1130-y",
Publisher="Springer Berlin Heidelberg",
}


@InBook{Tsou10,
  pages     = {689-700},
  title     = {MACH: Fast Randomized Tensor Decompositions},
  author    = {Charalampos E. Tsourakakis},
  Year      = {2010},
  booktitle = {Proceedings of the 2010 SIAM International Conference on Data Mining},
  url       = {https://doi.org/10.1137/1.9781611972801.60},
  file      = {Tsou10.pdf:Tsou10.pdf:PDF},
}

@Article{DM07,
  author  = {Petros Drineas and Michael W. Mahoney},
  title   = {A randomized algorithm for a tensor-based generalization of the singular value decomposition},
  journal = {Linear Algebra and its Applications},
  year    = {2007},
  volume  = {420},
  number  = {2},
  pages   = {553 - 571},
  url     = {https://doi.org/10.1016/j.laa.2006.08.023},
  file    = {DM07.pdf:DM07.pdf:PDF},
  issn    = {0024-3795},
}

@InBook{HSW17,
  chapter   = {9},
  pages     = {261--290},
  title     = {A Randomized Tensor Train Singular Value Decomposition},
  publisher = {Springer International Publishing},
  year      = {2017},
  author    = {Huber, Benjamin and Schneider, Reinhold and Wolf, Sebastian},
  address   = {Cham},
  booktitle = {Compressed Sensing and its Applications: Second International MATHEON Conference 2015},
  url       = {https://doi.org/10.1007/978-3-319-69802-1_9},
  isbn      = {978-3-319-69802-1},
}

@Misc{BBK17-TR,
  author       = {Casey Battaglino and Grey Ballard and Tamara G. Kolda},
  title        = {A Practical Randomized CP Tensor Decomposition},
  year         = {2017},
  note         = {to appear in SIAM J. Matrix Analysis and Applications},
  url          = {http://arxiv.org/abs/1701.06600},
  howpublished = {arXiv:1701.06600},
}

@Article{VL16,
  author  = {N. Vervliet and L. De Lathauwer},
  title   = {A Randomized Block Sampling Approach to Canonical Polyadic Decomposition of Large-Scale Tensors},
  journal = {IEEE Journal of Selected Topics in Signal Processing},
  year    = {2016},
  volume  = {10},
  number  = {2},
  pages   = {284--295},
  month   = {March},
  url     = {https://doi.org/10.1109/JSTSP.2015.2503260},
  file    = {VL16.pdf:VL16.pdf:PDF},
  issn    = {1932-4553},
}

@InProceedings{PFS12,
  author    = {Papalexakis, Evangelos E. and Faloutsos, Christos and Sidiropoulos, Nicholas D.},
  title     = {ParCube: Sparse Parallelizable Tensor Decompositions},
  booktitle = {Machine Learning and Knowledge Discovery in Databases},
  year      = {2012},
  pages     = {521--536},
  publisher = {Springer Berlin Heidelberg},
  file      = {:PFS12.pdf:PDF},
  isbn      = {978-3-642-33460-3},
  url       = {https://doi.org/10.1007/978-3-642-33460-3_39},
}

@Article{CH+07,
  Title                    = {Collective communication: theory, practice, and experience},
  Author                   = {Chan, E. and Heimlich, M. and Purkayastha, A. and van de Geijn, R.},
  Journal                  = {Concurrency and Computation: Practice and Experience},
  Year                     = {2007},
  Number                   = {13},
  Pages                    = {1749--1783},
  Volume                   = {19},
  url                      = {https://doi.org/10.1002/cpe.1206},
  File                     = {CH+07.pdf:CH+07.pdf:PDF},
  ISSN                     = {1532-0634},
  Keywords                 = {collective communication, distributed-memory architecture, clusters},
  Publisher                = {John Wiley \& Sons, Ltd.},
}

@Comment{jabref-meta: databaseType:bibtex;}
