@ARTICLE{nikossurvey, 
author={N. D. Sidiropoulos and L. De Lathauwer and X. Fu and K. Huang and E. E. Papalexakis and C. Faloutsos}, 
journal={IEEE Transactions on Signal Processing}, 
title={Tensor Decomposition for Signal Processing and Machine Learning}, 
year={2017}, 
volume={65}, 
number={13}, 
pages={3551-3582}, 
keywords={learning (artificial intelligence);matrix decomposition;signal processing;tensors;tensor decomposition;signal processing;machine learning;multiway arrays;signal analytics;data analytics;matrix algebra;tensor rank;rank decomposition;multilinear subspace learning;Tensile stress;Signal processing algorithms;Matrix decomposition;Signal processing;Optimization;Tutorials;Tensor decomposition;tensor factorization;rank;canonical polyadic decomposition (CPD);parallel factor analysis (PARAFAC);Tucker model;higher-order singular value decomposition (HOSVD);multilinear singular value decomposition (MLSVD);uniqueness;NP-hard problems;alternating optimization;alternating direction method of multipliers;gradient descent;Gauss–Newton;stochastic gradient;Cramér–Rao bound;communications;source separation;harmonic retrieval;speech separation;collaborative filtering;mixture modeling;topic modeling;classification;subspace learning}, 
doi={10.1109/TSP.2017.2690524}, 
ISSN={1053-587X}, 
month={July},}

@inproceedings{quantumsurvey,
  title={Tensor Numerical Methods in Quantum Chemistry : from Hartree-Fock Energy to Excited States},
  author={Venera Khoromskaia and Boris N. Khoromskij},
  year={2015}
}

@article{eegsurvey,
title = "Tensor decomposition of EEG signals: A brief review",
journal = "Journal of Neuroscience Methods",
volume = "248",
pages = "59 - 69",
year = "2015",
issn = "0165-0270",
doi = "https://doi.org/10.1016/j.jneumeth.2015.03.018",
url = "http://www.sciencedirect.com/science/article/pii/S0165027015001016",
author = "Fengyu Cong and Qiu-Hua Lin and Li-Dan Kuang and Xiao-Feng Gong and Piia Astikainen and Tapani Ristaniemi",
keywords = "Event-related potentials, EEG, Tensor decomposition, Canonical polyadic, Tucker, Brain, Signal"
}